
@inproceedings{ristenpart2010good,
  title={When Good Randomness Goes Bad: Virtual Machine Reset Vulnerabilities and Hedging Deployed Cryptography.},
  author={Ristenpart, Thomas and Yilek, Scott},
  booktitle={NDSS},
  year={2010}
}

@techreport{rukhin2001statistical,
  title={A statistical test suite for random and pseudorandom number generators for cryptographic applications},
  author={Rukhin, Andrew and Soto, Juan and Nechvatal, James and Smid, Miles and Barker, Elaine},
  year={2001},
  institution={DTIC Document}
}

@incollection{koeberl2011practical,
  title={A practical device authentication scheme using SRAM PUFs},
  author={Koeberl, Patrick and Li, Jiangtao and Rajan, Anand and Vishik, Claire and Wu, Wei},
  booktitle={Trust and Trustworthy Computing},
  pages={63--77},
  year={2011},
  publisher={Springer}
}

@ARTICLE{anderson,
author={Anderson, R.J. and Petitcolas, F.A.P.},
journal={Selected Areas in Communications, IEEE Journal on}, 
title={{On the Limits of Steganography}},
year={1998},
}


@incollection {trust2011,
   author = {Prabhu, Pravin and Akel, Ameen and Grupp, Laura and Yu, Wingkei and Suh, G.E. and Kan, Edwin and Swanson, Steven},
   title = {{Extracting Device Fingerprints from Flash Memory by Exploiting Physical Variations}},
   booktitle = {Trust and Trustworthy Computing},
   series = {Lecture Notes in Computer Science},
   publisher = {Springer Berlin / Heidelberg},
   year = {2011}
}

@article{kirton1989noise,
  title={Noise in solid-state microstructures: A new perspective on individual defects, interface states and low-frequency (1/ƒ) noise},
  author={Kirton, MJ and Uren, MJ},
  journal={Advances in Physics},
  volume={38},
  number={4},
  pages={367--468},
  year={1989},
  publisher={Taylor \& Francis}
}

@article{kurata2007random,
  title={Random telegraph signal in flash memory: Its impact on scaling of multilevel flash memory beyond the 90-nm node},
  author={Kurata, Hideaki and Otsuga, Kazuo and Kotabe, Akira and Kajiyama, Shinya and Osabe, Taro and Sasago, Yoshitaka and Narumi, Shunichi and Tokami, Kenji and Kamohara, Shiro and Tsuchiya, Osamu},
  journal={Solid-State Circuits, IEEE Journal of},
  volume={42},
  number={6},
  pages={1362--1369},
  year={2007},
  publisher={IEEE}
}

@article{compagnoni2009random,
  title={Random telegraph noise effect on the programmed threshold-voltage distribution of flash memories},
  author={Compagnoni, C Monzio and Ghidotti, Michele and Lacaita, Andrea L and Spinelli, Alessandro S and Visconti, Angelo},
  journal={Electron Device Letters, IEEE},
  volume={30},
  number={9},
  pages={984--986},
  year={2009},
  publisher={IEEE}
}

@article{joe2011threshold,
  title={Threshold voltage fluctuation by random telegraph noise in floating gate NAND flash memory string},
  author={Joe, Sung-Min and Yi, Jeong-Hyong and Park, Sung-Kye and Shin, Hyungcheol and Park, Byung-Gook and Park, Young June and Lee, Jong-Ho},
  journal={Electron Devices, IEEE Transactions on},
  volume={58},
  number={1},
  pages={67--73},
  year={2011},
  publisher={IEEE}
}

@article{knuth1973art,
  title={The art of computer programming, volume 1: fundamental algorithms},
  author={Knuth, Donald E},
  journal={Addison-Wesley, Reading, Mass},
  year={1973}
}

@inproceedings{abe2011understanding,
  title={Understanding of traps causing random telegraph noise based on experimentally extracted time constants and amplitude},
  author={Abe, Kenichi and Teramoto, Akinobu and Sugawa, Shigetoshi and Ohmi, Tadahiro},
  booktitle={Reliability Physics Symposium (IRPS), 2011 IEEE International},
  pages={4A--4},
  year={2011},
  organization={IEEE}
}

@article{scofield2000temperature,
  title={Temperature-independent switching rates for a random telegraph signal in a silicon metal--oxide--semiconductor field-effect transistor at low temperatures},
  author={Scofield, John H and Borland, Nick and Fleetwood, DM},
  journal={Applied Physics Letters},
  volume={76},
  number={22},
  pages={3248--3250},
  year={2000},
  publisher={AIP}
}

@misc{instruments2013omap,
  title={OMAP Mobile Processors},
  author={Instruments, Texas},
  year={2013},
  publisher={Feb}
}

@misc{eetimesfakeparts,
  title={U.S.: Fake parts threaten electronic market},
  author={EE Times.com},
  year={2010},
  publisher={Feb}
}

@misc{sosfakeflash,
      title= {SOSFakeFlash},
      autho={FrankenFlash Project}
      note = "http://sosfakeflash.wordpress.com/",
      key = {SOSFakeFlash}
}

@inproceedings{dodis2004fuzzy,
  title={Fuzzy extractors: How to generate strong keys from biometrics and other noisy data},
  author={Dodis, Yevgeniy and Reyzin, Leonid and Smith, Adam},
  booktitle={Advances in cryptology-Eurocrypt 2004},
  pages={523--540},
  year={2004},
  organization={Springer}
}

@article{sunar2007provably,
  title={A provably secure true random number generator with built-in tolerance to active attacks},
  author={Sunar, Berk and Martin, William J and Stinson, Douglas R},
  journal={Computers, IEEE Transactions on},
  volume={56},
  number={1},
  pages={109--119},
  year={2007},
  publisher={IEEE}
}

@article{o2004puf,
  title={PUF-based random number generation},
  author={O’donnell, Charles W and Suh, G Edward and Devadas, Srinivas},
  journal={In MIT CSAIL CSG Technical Memo},
  volume={481},
  year={2004}
}

@incollection{majzoobi2011fpga,
  title={FPGA-based true random number generation using circuit metastability with adaptive feedback control},
  author={Majzoobi, Mehrdad and Koushanfar, Farinaz and Devadas, Srinivas},
  booktitle={Cryptographic Hardware and Embedded Systems--CHES 2011},
  pages={17--32},
  year={2011},
  publisher={Springer}
}

@misc{intelrng,
  title={Intel’s Digital Random Number Generator},
  author={G. Cox, C. Dike and D. J. Johnston},
  year={2011},
  publisher={Hot Chips}
}

@inproceedings{boning1996statistical,
  title={Statistical metrology: Understanding spatial variation in semiconductor manufacturing},
  author={Boning, D and Chung, J},
  booktitle={Microelectronic Manufacturing Yield, Reliability, and Failure Analysis II: SPIE 1996 Symp. On Microelectronic Manufacturing},
  year={1996}
}

@article{bowman2002impact,
  title={Impact of die-to-die and within-die parameter fluctuations on the maximum clock frequency distribution for gigascale integration},
  author={Bowman, Keith A and Duvall, Steven G and Meindl, James D},
  journal={Solid-State Circuits, IEEE Journal of},
  volume={37},
  number={2},
  pages={183--190},
  year={2002},
  publisher={IEEE}
}

@inproceedings{nassif2000modeling,
  title={Modeling and forecasting of manufacturing variations},
  author={Nassif, Sani R},
  booktitle={Statistical Metrology, 2000 5th International Workshop on},
  pages={2--10},
  year={2000},
  organization={IEEE}
}

@phdthesis{ravikanth2001physical,
  title={Physical one-way functions},
  author={Ravikanth, Pappu Srinivasa},
  year={2001},
  school={Massachusetts Institute of Technology}
}

@inproceedings{gassend2002silicon,
  title={Silicon physical random functions},
  author={Gassend, Blaise and Clarke, Dwaine and Van Dijk, Marten and Devadas, Srinivas},
  booktitle={Proceedings of the 9th ACM conference on Computer and communications security},
  pages={148--160},
  year={2002},
  organization={ACM}
}

@inproceedings{lee2004technique,
  title={A technique to build a secret key in integrated circuits for identification and authentication applications},
  author={Lee, Jae W and Lim, Daihyun and Gassend, Blaise and Suh, G Edward and Van Dijk, Marten and Devadas, Srinivas},
  booktitle={VLSI Circuits, 2004. Digest of Technical Papers. 2004 Symposium on},
  pages={176--179},
  year={2004},
  organization={IEEE}
}

@inproceedings{holcomb2007initial,
  title={Initial SRAM state as a fingerprint and source of true random numbers for RFID tags},
  author={Holcomb, Daniel E and Burleson, Wayne P and Fu, Kevin},
  booktitle={Proceedings of the Conference on RFID Security},
  volume={7},
  year={2007}
}

@inproceedings{flash-ieeesp2012,
    author = "Yinglei Wang and Wingkei Yu and G. Edward Suh and Edwin Kan",
    title = {{Flash Memory for Ubiquitous Hardware Security Functions: True Random Number Generation and Device Fingerprints}},
    booktitle = "Proceedings of the {IEEE} Symposium on Security and Privacy",
    year = 2012
}


@INPROCEEDINGS{802comm,
author={Mehta, A.M. and Lanzisera, S. and Pister, K.},
booktitle={Proceedings of the 2nd International Symposium on Advanced Networks and Telecommunication Systems},
title={{Steganography in 802.15.4 Wireless Communication}},
year={2008},
}

@INPROCEEDINGS{simmons83,
author={Simmons, G.J.},
booktitle={Advances in Cryptology: Proceedings of CRYPTO '83}, 
title={{The Prisoner's Problem and the Subliminal Channel}},
year={1984},
}

@ARTICLE{stegintro2003,
author={Provos, N. and Honeyman, P.},
journal={IEEE Security \& Privacy}, 
title={{Hide and Seek: An Introduction to Steganography}},
year={2003},
}

@article{digitalsurvey2010,
title = {{Digital Image Steganography: Survey and Analysis of Current Methods}},
journal = "Signal Processing",
year = "2010",
author = "Abbas Cheddad and Joan Condell and Kevin Curran and Paul Mc Kevitt",
}

@article {harddisksteganography,
   author = {Sutherland, Iain and Davies, Gareth and Blyth, Andrew},
   title = {{Malware and Steganography in Hard Disk Firmware}},
   journal = {Journal in Computer Virology},
   year = {2011}
}

@article {80211ofdmsteg,
author = {Szczypiorski, Krzysztof and Mazurczyk, Wojciech},
title = {{Steganography in IEEE 802.11 OFDM Symbols}},
journal = {Security and Communication Networks},
year = {2011},
}

@article{quantumsteg2011,
  title = {Quantum steganography with noisy quantum channels},
  author = {Shaw, Bilal A. and Brun, Todd A.},
  journal = {Phys. Rev. A},
  volume = {83},
  issue = {2},
  pages = {022310},
  numpages = {8},
  year = {2011},
  month = {Feb},
  doi = {10.1103/PhysRevA.83.022310},
  url = {http://link.aps.org/doi/10.1103/PhysRevA.83.022310},
  publisher = {American Physical Society}
}

@INPROCEEDINGS{opticalsecurity2009,
author={Prucnal, Paul R. and Fok, Mable P. and Deng, Yanhua and Wang, Zhenxing},
booktitle={Communications and Photonics Conference and Exhibition (ACP)}, 
title={Physical layer security in fiber-optic networks using optical signal processing},
year={2009},
month={Nov.},
volume={2009-Supplement},
number={},
pages={1 -10},
keywords={},
doi={},
ISSN={},}

@INPROCEEDINGS{opticalsteg2009,
author={Prucnal, P.R. and Fok, M.P. and Kravtsov, K. and Zhenxing Wang},
title={{Optical Steganography for Data Hiding in Optical Networks}},
booktitle={Proceedings of the 16th International Conference on Digital Signal Processing},
year={2009},
}

@INPROCEEDINGS{cloudsteg2011,
author={Mazurczyk, W. and Szczypiorski, K.},
booktitle={Multimedia Information Networking and Security (MINES), 2011 Third International Conference on}, title={Is Cloud Computing Steganography-proof?},
year={2011},
month={Nov},
volume={},
number={},
pages={441 -442},
keywords={cloud computing service security;information hiding;steganograms receiver location;steganographic communication scenarios;cloud computing;data encapsulation;steganography;},
doi={10.1109/MINES.2011.95},
ISSN={},}

@article {immunochemsteg2011,
author = {Kim, Kyung-Woo and Bocharova, Vera and Hal�mek, Jan and Oh, Min-Kyu and Katz, Evgeny},
title = {Steganography and encrypting based on immunochemical systems},
journal = {Biotechnology and Bioengineering},
volume = {108},
number = {5},
publisher = {Wiley Subscription Services, Inc., A Wiley Company},
issn = {1097-0290},
url = {http://dx.doi.org/10.1002/bit.23017},
doi = {10.1002/bit.23017},
pages = {1100--1107},
keywords = {steganography, encrypting, immunochemistry, antibody, ELISA},
year = {2011},
}


@article{spontpatterns2011summary,
  title = {Hiding Secrets in Spontaneous Patterns},
  author = {Schirber, Michael},
  journal = {Physics},
  volume = {4},
  issue = {},
  pages = {96},
  numpages = {1},
  year = {2011},
  month = {Nov},
  doi = {10.1103/Physics.4.96},
  url = {http://link.aps.org/doi/10.1103/Physics.4.96},
  publisher = {American Physical Society}
}

@article{spontpatterns2011,
  title = {Secure steganographic communication algorithm based on self-organizing patterns},
  author = {Saunoriene, Loreta and Ragulskis, Minvydas},
  journal = {Phys. Rev. E},
  volume = {84},
  issue = {5},
  pages = {056213},
  numpages = {11},
  year = {2011},
  month = {Nov},
  doi = {10.1103/PhysRevE.84.056213},
  url = {http://link.aps.org/doi/10.1103/PhysRevE.84.056213},
  publisher = {American Physical Society}
}

@ARTICLE{provablesteg2009,
author={Hopper, N. and von Ahn, L. and Langford, J.},
journal={Computers, IEEE Transactions on}, title={Provably Secure Steganography},
year={2009},
month={May},
volume={58},
number={5},
pages={662 -676},
keywords={channel rejection sampling;complexity-theoretic proof technique;covert channel;cryptographic formalization;innocent-looking public communication;probability distribution;provably secure steganography;secret message hiding;steganographic protocol;cryptographic protocols;probability;steganography;},
doi={10.1109/TC.2008.199},
ISSN={0018-9340},}

@INPROCEEDINGS{grupp2009,
author={Grupp, L.M. and Caulfield, A.M. and Coburn, J. and Swanson, S. and Yaakobi, E. and Siegel, P.H. and Wolf, J.K.},
booktitle={Proceedings of the 42nd International Symposium on Microarchitecture},
title={{Characterizing Flash Memory: Anomalies, Observations, and Applications}},
year={2009},
}

@INPROCEEDINGS{suhpuf2007,
author={Suh, G.E. and Devadas, S.},
booktitle={Proceedings of the 44th Design Automation Conference},
title={{Physical Unclonable Functions for Device Authentication and Secret Key Generation}},
year={2007},
}

@misc{wikipedia-steg,
      AUTHOR = "{Wikipedia}",
      TITLE = "Steganography",
      YEAR = 2012,
      note = "http://en.wikipedia.org/wiki/Steganography"
}

@misc{onfi,
      TITLE = {{Open NAND Flash Interface}},
      note = "http://onfi.org",
      key = {Open NAND Flash Interface}
}

@ARTICLE{exploringsteganography,
author={Johnson, N.F. and Jajodia, S.},
journal={Computer}, 
title={{Exploring Steganography: Seeing the Unseen}},
year={1998},
}


@ARTICLE{steganalysisofLSBmatching,
author={Ker, A.D.},
journal={Signal Processing Letters, IEEE}, title={Steganalysis of LSB matching in grayscale images},
year={2005},
month={June},
volume={12},
number={6},
pages={ 441 - 444},
doi={10.1109/LSP.2005.847889},
ISSN={1070-9908},}

@INPROCEEDINGS{steganographyembedded,
author={Stanescu, D. and Stangaciu, V. and Ghergulescu, I. and Stratulat, M.},
booktitle={Proceedings of the 5th International Symposium on Applied Computational Intelligence and Informatics (SACI)},
title={{Steganography on Embedded Devices}},
year={2009},
}

@ARTICLE{infohidingsurvey,
author={Petitcolas, F.A.P. and Anderson, R.J. and Kuhn, M.G.},
journal={Proceedings of the IEEE}, 
title={{Information Hiding - A Survey}},
year={1999},
}

@ARTICLE{Walton1995,
author={Walton, S.},
journal={Dr. Dobb's J. Software Tools},
title={Image Authentication for a Slippery New Age},
year={1995},
month={Apr},
volume={20},
number={4},
pages={18 -26},
}
@article{libsvm,
 author = {Chang, Chih-Chung and Lin, Chih-Jen},
 title = {{LIBSVM}: A Library for Support Vector Machines},
 journal = {ACM Transactions on Intelligent Systems and Technology},
 volume = {2},
 issue = {3},
 year = {2011},
 pages = {27:1--27:27},
 note =	 {Software available at http://www.csie.ntu.edu.tw/~cjlin/libsvm}
}

@article{Khan2011,
title = {Designing a Cluster-Based Covert Channel to Evade Disk Investigation and Forensics},
journal = "Computers \& Security",
volume = "30",
number = "1",
pages = "35 - 49",
year = "2011",
note = "",
issn = "0167-4048",
doi = "10.1016/j.cose.2010.10.005",
url = "http://www.sciencedirect.com/science/article/pii/S016740481000088X",
author = "Hassan Khan and Mobin Javed and Syed Ali Khayam and Fauzan Mirza",
keywords = "Information hiding",
keywords = "Steganography",
keywords = "Covert channels",
keywords = "Disk forensics",
keywords = "Digital watermarking"
}


